@inproceedings{wilson,
author = {Wilson, David Bruce},
title = {Generating Random Spanning Trees More Quickly than the Cover Time},
year = {1996},
isbn = {0897917855},
publisher = {Association for Computing Machinery},
address = {New York, NY, USA},
url = {https://doi.org/10.1145/237814.237880},
doi = {10.1145/237814.237880},
booktitle = {Proceedings of the Twenty-Eighth Annual ACM Symposium on Theory of Computing},
pages = {296â€“303},
numpages = {8},
location = {Philadelphia, Pennsylvania, USA},
series = {STOC '96}
}

@article{marchal,
author = {Philippe Marchal},
title = {{Loop-Erased Random Walks, Spanning Trees and Hamiltonian Cycles}},
volume = {5},
journal = {Electronic Communications in Probability},
number = {none},
publisher = {Institute of Mathematical Statistics and Bernoulli Society},
pages = {39 -- 50},
keywords = {Loop-erased random walk, spanning tree, Wilson's algorithm},
year = {2000},
doi = {10.1214/ECP.v5-1016},
URL = {https://doi.org/10.1214/ECP.v5-1016}
}

@book{kozen,
author = {Kozen, Dexter C.},
title = {The Design and Analysis of Algorithms},
year = {1992},
isbn = {0387976876},
publisher = {Springer-Verlag},
address = {Berlin, Heidelberg}
}
